<?xml version="1.0" encoding="UTF-8"?>
<collection xmlns:xsi="http://www.w3.org/2001/XMLSchema-instance" xsi:schemaLocation="http://www.loc.gov/MARC21/slim http://www.loc.gov/standards/marcxml/schema/MARC21slim.xsd" xmlns="http://www.loc.gov/MARC21/slim">
<record>
  <leader>00805cam a22001931i 4500</leader>
  <controlfield tag="001">2983996</controlfield>
  <controlfield tag="003">NNC</controlfield>
  <controlfield tag="005">20151019143149.0</controlfield>
  <controlfield tag="008">010226s1923    ua            000 0 ara d</controlfield>
  <datafield tag="035" ind1=" " ind2=" ">
    <subfield code="a">(OCoLC)ocm46322347</subfield>
  </datafield>
  <datafield tag="035" ind1=" " ind2=" ">
    <subfield code="9">ASN1183CU</subfield>
  </datafield>
  <datafield tag="035" ind1=" " ind2=" ">
    <subfield code="a">(NNC)2983996</subfield>
  </datafield>
  <datafield tag="040" ind1=" " ind2=" ">
    <subfield code="a">ZCU</subfield>
    <subfield code="c">ZCU</subfield>
  </datafield>
  <datafield tag="090" ind1=" " ind2=" ">
    <subfield code="a">PJ6680</subfield>
    <subfield code="b">.T43</subfield>
  </datafield>
  <datafield tag="100" ind1="1" ind2=" ">
    <subfield code="a">Thaʻālibī, ʻAbd al-Malik ibn Muḥammad,</subfield>
    <subfield code="d">961 or 962-1037 or 1038.</subfield>
  </datafield>
  <datafield tag="245" ind1="1" ind2="0">
    <subfield code="a">Kitāb Fiqh al-lughah wa-sirr al-ʻArabīyah /</subfield>
    <subfield code="c">taʾlīf Abī Mansūr ʻAbd al-Malik ibn Muḥammad al-Thaʻālibi ; bi-ṭabʻihī wa-taṣḥīihī Muhammad Munīr al-Dimashqī. -- Tubiʾa ṭabq aṣl muʾallīfihī kamā tabaʻathu al-Jamʻīyah al-Yasūʻīyah.</subfield>
  </datafield>
  <datafield tag="260" ind1=" " ind2=" ">
    <subfield code="a">al-Qāhirah :</subfield>
    <subfield code="b">Maṭbaʻat al-Saʻādah,</subfield>
    <subfield code="c">1923.</subfield>
  </datafield>
  <datafield tag="300" ind1=" " ind2=" ">
    <subfield code="a">456 p. ;</subfield>
    <subfield code="c">16 cm.</subfield>
  </datafield>
  <datafield tag="955" ind1=" " ind2=" ">
    <subfield code="b">0036760544</subfield>
    <subfield code="d">glx</subfield>
    <subfield code="e">PJ6680 .T43</subfield>
  </datafield>
</record>
</collection>